% article
% Required fields: author, title, journal, year. 
% Optional fields: volume, number, pages, month, note.
@article{Costa:2021,
  author = {F. Costa and M. Borgese},
  title = {Electromagnetic Model of Reflective Intelligent Surfaces},
  journal = {IEEE O. J. Commun. Soc.},
  volume = {2},
  pages = {1577-1589},
  year = {2021}
}
@article{Gacanin:2020,
  author = {H. Gacanin and M. Di Renzo},
  title = {Wireless 2.0: Toward an Intelligent Radio Environment Empowered by Reconfigurable Meta-Surfaces and Artificial Intelligence},
  journal = {IEEE Veh. Technol. Mag.},
  volume = {15},
  number = {4},
  pages = {74-82},
  year = {2020}
}
@article{Oliveri:2021,
  author = {G. Oliveri and P. Rocca and M. Salucci and A.Massa},
  title = {Holographic Smart EM Skins for Advanced Beam Power Shaping in Next Generation Wireless Environments},
  journal = {IEEE J. Multiscale Multiphys. Comput. Tech.},
  volume = {6},
  pages = {171-182},
  year = {2021}
}
@article{Rocca:2022,
  author = {P. Rocca et al.},
  title = {On the Design of Modular Reflecting EM Skins for Enhanced Urban Wireless Coverage},
  journal = {IEEE Trans. Antennas Propag.},
  year = {2022}
}
@article{You:2021,
  author = {C. You and R. Zhang},
  title = {Wireless Communication Aided by Intelligent Reflecting Surface: Active or Passive?},
  journal = {IEEE Wireless Commun. Lett.},
  volume = {10},
  number = {12},
  pages = {2659-2663},
  year = {2021}
}
@article{Dai:2021,
  author = {L. Dai et al.},
  title = {Reconfigurable Intelligent Surface-Based Wireless Communications: Antenna Design, Prototyping, and Experimental Results},
  journal = {IEEE Access},
  volume = {8},
  pages = {45913-49923},
  year = {2020}
}
@article{Liu:2021,
  author = {Q. Liu and S. Sun and B. Rong and M. Kadoch},
  title = {Intelligent Reflective Surface Based 6G Communications for Sustainable Energy Infrastructure},
  journal = {IEEE Wireless Commun.},
  volume = {28},
  number = {6},
  pages = {8627-8640},
  year = {2021}
}
@article{Pei:2021,
  author = {X. Pei et al.},
  title = {RIS-AidedWireless Communications: Prototyping,Adaptive Beamforming, and Indoor/OutdoorField Trials},
  journal = {IEEE Trans. Commun.},
  volume = {69},
  number = {12},
  pages = {8627-8640},
  year = {2021}
}
@article{Zhang:2021,
  author = {H. Zhang and B. Di and Z. Han and H. V. Poor and L. Song},
  title = {Reconfigurable Intelligent Surface Assisted Multi-User Communications: How Many Reflective Elements Do We Need?},
  journal = {IEEE Wireless Commun. Lett.},
  volume = {10},
  number = {5},
  pages = {1098-1102},
  year = {2021}
}
@article{Benoni:2021,
  author = {A. Benoni and M. Salucci and G. Oliveri and P. Rocca and B. Li and A. Massa},
  title = {Planning of EM skins for improved quality-of-service in urban areas,},
  journal = {arXiv},
  year = {2021}
}
@article{Oliveri:2022,
  author = {G. Oliveri and F. Zardi and P. Rocca and M. Salucci and A.Massa},
  title = {Building a smart EMEnvironment-AI-Enhanced aperiodic micro-scale design of passive EM skins},
  journal = {IEEE Trans. Antennas Propag.},
  year = {2022}
}